@book{lukthepohl2005,
  title={New Introduction to Multiple Time Series Analysis},
  author={Helmuth L{\"u}kthepohl},
  year={2005},
  publisher={Springer}
}

@book{enders,
  title={Applied Econometric Time Series},
  author={Walter Enders},
  year={2014},
  publisher={John Wiley {\&} Sons, Inc.}
}

@book{principles,
  title={Principles of econometrics},
  author={R. Carter Hill and William E. Griffiths and Guay C. Lim},
  year={2011},
  publisher={John Wiley {\&} Sons, Inc.}
}

@book{guja,
  title={Basic Econometrics},
  author={Damodar N. Gujarati},
  year={2008},
  publisher={Mc. Graw Hill}
}


@book{mills,
  title={The Econometric Modelling of Financial Time Series},
  author={Terence C. Mills},
  year={1999},
  publisher={Cambridge}
}

@book{pfaff,
  title={Analysis of Integrated and Cointegrated Time Series with R},
  author={Bernhard Pfaff},
  year={2008},
  publisher={Springer}
}

@Book{,
  title = {Analysis of Integrated and Cointegrated Time Series with R (urca package)},
  author = {B. Pfaff},
  publisher = {Springer},
  edition = {Second},
  address = {New York},
  year = {2008},
  note = {ISBN 0-387-27960-1},
  url = {http://www.pfaffikus.de},
}

@Article{artforecast,
  title = {Automatic time series forecasting: the forecast package for {R}},
  author = {Rob J Hyndman and Yeasmin Khandakar},
  journal = {Journal of Statistical Software},
  volume = {26},
  number = {3},
  pages = {1--22},
  year = {2008},
  url = {http://www.jstatsoft.org/article/view/v027i03},
}


@Manual{packforecast,
  title = {{forecast}: Forecasting functions for time series and linear models},
  author = {Rob Hyndman and George Athanasopoulos and Christoph Bergmeir and Gabriel Caceres and Leanne Chhay and Mitchell O'Hara-Wild and Fotios Petropoulos and Slava Razbash and Earo Wang and Farah Yasmeen},
  year = {2018},
  note = {R package version 8.4},
  url = {http://pkg.robjhyndman.com/forecast},
}

@article{johansen1,
    author =   {Soren Johansen},
    title =  {A Small Sample Correction for the Test of Cointegration Rank in the Vector Autoregressive Model},
    journal =      {Econometrica},
    year =         {2002},
    DOI =          {http://www.jstor.org/stable/3082025}
}


@article{johansen2,
    author =   {Soren Johansen},
    title =  {Estimation and Hypothesis Testing of Cointegration Vectors in Gaussian Vector Autoregressive Models},
    journal =      {Econometrica},
    year =         {1991},
    DOI =          {http://www.jstor.org/stable/2938278}
}


@article{EngelGranger,
    author =   {Robert F. Engle and C. W. J. Granger},
    title =  {Co-Integration and Error Correction: Representation, Estimation and Testing},
    journal =      {Econometrica},
    year =         {1987},
    DOI =          {http://links.jstor.org/sici?sici=0012-9682\%28198703\%2955\%3A2\%3C251\%3ACAECRE\%3E2.0.CO\%3B2-T}
}

@article{Murray,
    author =   {Michael P. Murray},
    title =  {A Drunk and Her Dog: An Illustration of Cointegration and Error Correction},
    journal =      {American Statistical Association},
    year =         {1994}
}



@article{evalsalud,
    author =   {Dra. Nelly Aguilera},
    title =  {10 puntos para entender el gasto en salud en M{\'e}xico: En el marco de la cobertura universal},
    journal =      {M{\'e}xico Eval{\'u}a},
    year =         {2011},
    DOI =          {https://www.mexicoevalua.org/wp-content/uploads/2016/05/MEX_EVA-INHOUS-GASTO_SALUD-LOW.pdf}
}


@article{evaledu,
    author =   {Lucrecia Santib{\'a}{\~n}ez and Mariana Campos and Brenda Jarillo},
    title =  {10 puntos para entender el gasto educativo en M{\'e}xico: Consideraciones sobre su eficiencia},
    journal =      {M{\'e}xico Eval{\'u}a},
    year =         {2011},
    DOI =          {https://www.mexicoevalua.org/wp-content/uploads/2016/05/MEX\EVA-INHOUS-GASTO\EDU-LOW.pdf}
} 
 
@article{Loria,
    author =   {E. Lor{\'i}a and M. Ramos},
    title =  {La ley de Okun: una relectura para M{\'e}xico, 1970-2004},
    journal =      {Estudios Econ{\'o}micos},
    year =         {2007},
    DOI =          {http://www.redalyc.org/articulo.oa?id=59722102}
} 

@article{histeresis,
    author =   {Jos{\'e} Carlos Trejo Garc{\'i}a and Estefan{\'i}a Carolina Rivera Hern{\'a}ndez and Humberto R{\'i}os Bol{\'i}var},
    title =  {An{\'a}lisis de la hist{\'e}resis del desempleo en M{\'e}xico ante shocks macroecon{\'o}micos},
    journal =      {Instituto Polit{\'e}cnico Nacional},
    year =         {2016},
    DOI =          {http://www.scielo.org.mx/pdf/cya/v62n4/0186-1042-cya-64-04-01228.pdf}
} 


@article{banxico,
    author =   {Banco de M{\'e}xico},
    title =  {Resumen Informe Anual 1998, 1999, 2001},
    journal =      {Banco de M{\'e}xico},
    year =   {1998-2001},
} 


 



 